@book{lanneau2006er,
  title={Als er gebellt wordt, blaffen de honden: dwaalduiders en aanverwante woorden in het Duits},
  author={Lanneau, Jan},
  year={2006},
  publisher={Acco}
}